%% Created using Papers on Wed, 12 Nov 2014.
%% http://papersapp.com/papers/

@article{Ma:2005eaa,
author = {Ma, Shuangge and Kosorok, Michael R and Fine, Jason P},
title = {{Additive Risk Models for Survival Data with High-Dimensional Covariates}},
journal = {Biometrics},
year = {2005},
volume = {62},
number = {1},
pages = {202--210},
month = aug
}

@article{Wolbers:2014hea,
author = {Wolbers, M and Koller, M T and Stel, V S and Schaer, B and Jager, K J and Leffondre, K and Heinze, G},
title = {{Competing risks analyses: objectives and approaches}},
journal = {European Heart Journal},
year = {2014},
volume = {35},
number = {42},
pages = {2936--2941},
month = nov
}

@article{Langholz:2014hd,
author = {Langholz, Jeff A and Abeles, Adina},
title = {{Rethinking postgraduate education for marine conservation}},
journal = {Marine Policy},
year = {2014},
volume = {43},
pages = {372--375},
month = jan
}

@article{McDowell:2011dr,
author = {McDowell, Nate G and Beerling, David J and Breshears, David D and Fisher, Rosie A and Raffa, Kenneth F and Stitt, Mark},
title = {{The interdependence of mechanisms underlying climate-driven vegetation mortality}},
journal = {Trends in Ecology {\&} Evolution},
year = {2011},
volume = {26},
number = {10},
pages = {523--532},
month = oct
}

@article{Adams:2013hc,
author = {Adams, Henry D},
title = {{Empirical and process-based approaches to climate-induced forest mortality models}},
year = {2013},
pages = {1--5},
month = nov
}

@article{Aalen:1993in,
author = {Aalen, Odd O},
title = {{Further results on the non-parametric linear regression model in survival analysis}},
journal = {Statistics in Medicine},
year = {1993},
volume = {12},
number = {17},
pages = {1569--1588},
month = sep
}

@article{Aalen:1989dc,
author = {Aalen, O O},
title = {{A linear regression model for the analysis of life times - Aalen - 2006 - Statistics in Medicine - Wiley Online Library}},
journal = {Statistics in Medicine},
year = {1989}
}

@article{Frank:2014ej,
author = {Frank, S A},
title = {{Generative models versus underlying symmetries to explain biological pattern}},
journal = {Journal of Evolutionary Biology},
year = {2014},
volume = {27},
number = {6},
pages = {1172--1178},
month = apr
}

@article{Frank:2014un,
author = {Frank, S A},
title = {{Generative models versus underlying symmetries to explain biological pattern}},
journal = {Journal of Evolutionary Biology},
year = {2014},
volume = {27},
number = {6},
pages = {1172--1178},
month = jun
}

@article{Yang:2003fa,
author = {Yang, Yuqing and Titus, Stephen J and Huang, Shongming},
title = {{Modeling individual tree mortality for white spruce in Alberta}},
journal = {Ecological Modelling},
year = {2003},
volume = {163},
number = {3},
pages = {209--222},
month = may
}

@article{Chu:2008ki,
author = {Chu, C Y Cyrus and Chien, Hung-Ken and Lee, Ronald D},
title = {{Explaining the optimality of U-shaped age-specific mortality.}},
journal = {Theoretical Population Biology},
year = {2008},
volume = {73},
number = {2},
pages = {171--180},
month = mar
}

@article{Hurst:2011ky,
author = {Hurst, Jennifer M and ALLEN, ROBERT B and Coomes, David A and Duncan, Richard P},
title = {{Size-Specific Tree Mortality Varies with Neighbourhood Crowding and Disturbance in a Montane Nothofagus Forest}},
journal = {PLoS ONE},
year = {2011},
volume = {6},
number = {10},
pages = {e26670},
month = oct
}

@article{Levitis:2013hy,
author = {Levitis, Daniel A and Mart{\'\i}nez, Daniel E},
title = {{The two halves of U-shaped mortality.}},
journal = {Frontiers in genetics},
year = {2013},
volume = {4},
pages = {31}
}

@article{Lawes:2011ch,
author = {Lawes, Michael J and Richards, Anna and Dathe, Josefine and Midgley, Jeremy J},
title = {{Bark thickness determines fire resistance of selected tree species from fire-prone tropical savanna in north Australia}},
journal = {Plant Ecology},
year = {2011},
volume = {212},
number = {12},
pages = {2057--2069},
month = aug
}

@article{Sterck:2011cz,
author = {Sterck, F and Markesteijn, L and Schieving, F},
title = {{Functional traits determine trade-offs and niches in a tropical forest community}},
journal = {Proceedings of the National Academy of Sciences of the United States of America},
year = {2011}
}

@article{Sterck:2011fv,
author = {Sterck, F and Schieving, F},
title = {{Modelling functional trait acclimation for trees of different height in a forest light gradient: emergent patterns driven by carbon gain maximization}},
journal = {Tree Physiology},
year = {2011},
volume = {31},
number = {9},
pages = {1024--1037},
month = sep
}

@article{Sterck:2008uf,
author = {Sterck, F J and Schieving, F},
title = {{3-D growth patterns of trees: effects of carbon economy, meristem activity, and selection}},
journal = {Ecological Monographs},
year = {2008},
volume = {77},
number = {3},
pages = {405--420},
month = apr
}

@article{Poorter:2006tq,
author = {Poorter, Lourens and Bongers, Laurent and Bongers, Frans},
title = {{Architecture of 54 moist-forest tree species: traits, trade-offs, and functional groups.}},
journal = {Ecology},
year = {2006},
volume = {87},
number = {5},
pages = {1289--1301},
month = may
}

@article{Cavaleri:2010wc,
author = {Cavaleri, Molly A and Oberbauer, Steven F. and Clark, David B and Clark, Deborah A and Ryan, Michael G},
title = {{Height is more important than light in determining leaf morphology in a tropical forest.}},
journal = {Ecology},
year = {2010},
volume = {91},
number = {6},
pages = {1730--1739},
month = jun
}

@article{Sterck:2012bv,
author = {Sterck, Frank J and Mart{\'\i}nez-Vilalta, Jordi and Mencuccini, Maurizio and Cochard, Herv{\'e} and Gerrits, Pieter and Zweifel, Roman and Herrero, Asier and Korhonen, Janne F J and Llorens, Pilar and Nikinmaa, Eero and Nol{\`e}, Angelo and Poyatos, Rafael and Ripullone, Francesco and Sass-Klaassen, Ute},
title = {{Understanding trait interactions and their impacts on growth in Scots pine branches across Europe}},
journal = {Functional Ecology},
year = {2012},
volume = {26},
number = {2},
pages = {541--549},
month = feb
}

@article{Markesteijn:2011hk,
author = {Markesteijn, Lars and Poorter, Lourens and Bongers, Frans and Paz, H and Sack, Lawren},
title = {{Hydraulics and life history of tropical dry forest tree species: coordination of species{\textquoteright} drought and shade tolerance}},
journal = {New Phytologist},
year = {2011},
volume = {191},
number = {2},
pages = {480--495},
month = apr
}

@article{Poorter:2008bk,
author = {Poorter, Lourens and Markesteijn, Lars},
title = {{Seedling traits determine drought tolerance of tropical tree species}},
journal = {Biotropica},
year = {2008},
volume = {40},
number = {3},
pages = {321--331},
month = apr
}

@article{Markesteijn:2009if,
author = {Markesteijn, Lars and Poorter, Lourens},
title = {{Seedling root morphology and biomass allocation of 62 tropical tree species in relation to drought- and shade-tolerance}},
journal = {Journal of Ecology},
year = {2009},
volume = {97},
number = {2},
pages = {311--325},
month = mar
}

@article{Markesteijn:2010bt,
author = {Markesteijn, Lars and Poorter, Lourens and Paz, H and Sack, Lawren and Bongers, Frans},
title = {{Ecological differentiation in xylem cavitation resistance is associated with stem and leaf structural traits}},
journal = {Plant, Cell {\&} Environment},
year = {2010},
volume = {34},
number = {1},
pages = {137--148},
month = oct
}

@article{Poorter:2006vb,
author = {Poorter, Lourens and Bongers, Frans},
title = {{Leaf traits are good predictors of plant performance across 53 rain forest species.}},
journal = {Ecology},
year = {2006},
volume = {87},
number = {7},
pages = {1733--1743},
month = jul
}

@article{Zeppel:2008bt,
author = {Zeppel, Melanie J B and Macinnis-Ng, Catriona M O and Yunusa, Isa A M and Whitley, Rhys J and Eamus, Derek},
title = {{Long term trends of stand transpiration in a remnant forest during wet and dry years}},
journal = {Journal of Hydrology},
year = {2008},
volume = {349},
number = {1-2},
pages = {200--213},
month = jan
}

@article{Moles:2014jx,
author = {Moles, Angela T and Perkins, Sarah E and Laffan, Shawn W and Flores-Moreno, Habacuc and Awasthy, Monica and Tindall, Marianne L and Sack, Lawren and Pitman, Andy and Kattge, Jens and Aarssen, Lonnie W and Anand, Madhur and Bahn, Michael and Blonder, Benjamin and Cavender-Bares, Jeannine and Cornelissen, J Hans C and Cornwell, Will K and D{\'\i}az, Sandra and Dickie, John B and Freschet, Gr{\'e}goire T and Griffiths, Joshua G and Gutierrez, Alvaro G and Hemmings, Frank A and Hickler, Thomas and Hitchcock, Timothy D and Keighery, Matthew and Kleyer, Michael and Kurokawa, Hiroko and Leishman, Michelle R and Liu, Kenwin and Niinemets, {\"U}lo and Onipchenko, Vladimir and Onoda, Yusuke and Pe{\~n}uelas, Josep and Pillar, Val{\'e}rio D and Reich, Peter B and Shiodera, Satomi and Siefert, Andrew and Sosinski Jr, Enio E and Soudzilovskaia, Nadejda A and Swaine, Emily K and Swenson, Nathan G and Van Bodegom, Peter M and Warman, Laura and Weiher, Evan and Wright, Ian J and Zhang, Hongxiang and Zobel, Martin and Bonser, Stephen P},
title = {{Which is a better predictor of plant traits: temperature or precipitation?}},
journal = {Journal of Vegetation Science},
year = {2014},
volume = {25},
number = {5},
pages = {1167--1180},
month = may
}

@article{Diaz:2004es,
author = {D{\'\i}az, S and Hodgson, J G and Thompson, K and Cabido, Marcelo and Cornelissen, J H C and Jalili, A and Montserrat-Mart{\'\i}, G and Grime, J P and Zarrinkamar, F and Asri, Y and Band, S R and Basconcelo, S and Castro-D{\'\i}ez, P and Funes, G and Hamzehee, B and Khoshnevi, M and P{\'e}rez-Harguindeguy, N and P{\'e}rez-Rontom{\'e}, M C and Shirvany, F A and Vendramini, F and Yazdani, S and Abbas-Azimi, R and Bogaard, A and Boustani, S and Charles, M and Dehghan, M and de Torres-Espuny, L and Falczuk, V and Guerrero-Campo, J and Hynd, A and Jones, G and Kowsary, E and Kazemi-Saeed, F and Maestro- Martinez, M and Romo-Diez, A and Shaw, S and Siavash, B and Villar-Salvador, P and Zak, M R},
title = {{The plant traits that drive ecosystems: evidence from three continents}},
journal = {Journal of Vegetation Science},
year = {2004},
volume = {15},
pages = {295--304}
}

@article{Zeppel:2011da,
author = {Zeppel, MJB and Adams, H D and Anderegg, WRL},
title = {{Mechanistic causes of tree drought mortality: recent results, unresolved questions and future research needs}},
journal = {New Phytologist},
year = {2011}
}

@article{Zeppel:2011daa,
author = {Zeppel, Melanie J B and Lewis, James D and Chaszar, Brian and Smith, Renee A and Medlyn, Belinda E and Huxman, Travis E and Tissue, David T},
title = {{Nocturnal stomatal conductance responses to rising [CO2], temperature and drought}},
journal = {New Phytologist},
year = {2011},
volume = {193},
number = {4},
pages = {929--938},
month = dec
}

@article{Zeppel:2008bta,
author = {Zeppel, Melanie J B and Macinnis-Ng, Catriona M O and Yunusa, Isa A M and Whitley, Rhys J and Eamus, Derek},
title = {{Long term trends of stand transpiration in a remnant forest during wet and dry years}},
journal = {Journal of Hydrology},
year = {2008},
volume = {349},
number = {1-2},
pages = {200--213},
month = jan
}

@article{Mcdowell:2013wf,
author = {Mcdowell, N G and Ryan, M G and Zeppel, MJB and Tissue, D T},
title = {{Improving our knowledge of drought-induced forest mortality through experiments, observations, and modeling}},
journal = {New Phytologist},
year = {2013},
volume = {200},
pages = {289--293}
}

@article{Nepstad:2007vs,
author = {Nepstad, Daniel C and Tohver, Ingrid Marisa and Ray, David and Moutinho, Paulo and Cardinot, Georgina},
title = {{Mortality of large trees and lianas following experimental drought in an Amazon forest.}},
journal = {Ecology},
year = {2007},
volume = {88},
number = {9},
pages = {2259--2269},
month = sep
}

@article{Hicke:2013us,
author = {Hicke, Jeffrey A and Zeppel, Melanie J B},
title = {{Climate-driven tree mortality: insights from the pinon pine die-off in the United States}},
year = {2013},
pages = {1--3},
month = sep
}

@article{Zeppel:2013ks,
author = {Zeppel, M J B and Wilks, J and Lewis, J D},
title = {{Impacts of extreme precipitation and seasonal changes in precipitation on plants}},
journal = {Biogeosciences Discussions},
year = {2013},
volume = {10},
number = {10},
pages = {16645--16673}
}

@article{Kotak:2007jw,
author = {Kotak, Sachin and Larkindale, Jane and Lee, Ung and von Koskull-D{\"o}ring, Pascal and Vierling, Elizabeth and Scharf, Klaus-Dieter},
title = {{Complexity of the heat stress response in plants}},
journal = {Current Opinion in Plant Biology},
year = {2007},
volume = {10},
number = {3},
pages = {310--316},
month = jun
}

@article{Thuiller:2004vg,
author = {Thuiller, W and Lavorel, S and Midgley, G F and Lavergne, S{\'e}bastien and Rebelo, T},
title = {{Relating plant traits and species distributions along bioclimatic gradients for 88 \emph{Luecadendron} taxa}},
journal = {Ecology},
year = {2004},
volume = {85},
number = {6},
pages = {1688--1699},
month = oct
}

@article{Colmer:2009hg,
author = {Colmer, T D and Voesenek, L A C J},
title = {{Flooding tolerance: suites of plant traits in variable environments}},
journal = {Functional Plant Biology},
year = {2009},
volume = {36},
number = {8},
pages = {665}
}

@article{Dunn:1983uo,
author = {Dunn, C P and Guntenspergen, G R and Dorney, J R},
title = {{Catastrophic wind disturbance in an old-growth hemlock-hardwood forest, Wisconsin}},
journal = {Canadian Journal of Botany},
year = {1983},
volume = {61},
pages = {211--217},
month = jan
}

@article{Yan:2014jh,
author = {Yan, Koon-Kiu and Wang, Daifeng and Rozowsky, Joel and Zheng, Henry and Cheng, Chao and Gerstein, Mark},
title = {{OrthoClust: an orthology-based network framework for clustering data across multiple species}},
journal = {Genome Biology},
year = {2014},
volume = {15},
number = {8},
pages = {1--14},
month = aug
}

@article{Pencina:2007br,
author = {Pencina, Michael J and Larson, Martin G and D'Agostino, Ralph B},
title = {{Choice of time scale and its effect on significance of predictors in longitudinal studies}},
journal = {Statistics in Medicine},
year = {2007},
volume = {26},
number = {6},
pages = {1343--1359}
}

@article{Ma:2005ea,
author = {Ma, Shuangge and Kosorok, Michael R and Fine, Jason P},
title = {{Additive Risk Models for Survival Data with High-Dimensional Covariates}},
journal = {Biometrics},
year = {2005},
volume = {62},
number = {1},
pages = {202--210},
month = aug
}

@article{Wolbers:2014he,
author = {Wolbers, M and Koller, M T and Stel, V S and Schaer, B and Jager, K J and Leffondre, K and Heinze, G},
title = {{Competing risks analyses: objectives and approaches}},
journal = {European Heart Journal},
year = {2014},
month = apr
}

@article{Satagopan:2004jj,
author = {Satagopan, J M and Ben-Porat, L and Berwick, M and Robson, M and Kutler, D and Auerbach, A D},
title = {{A note on competing risks in survival data analysis}},
journal = {British Journal of Cancer},
year = {2004},
volume = {91},
number = {7},
pages = {1229--1235},
month = aug
}

@article{Hoffmann:2000uj,
author = {Hoffmann, W A and Jackson, R B},
title = {{Vegetation-climate feedbacks in the conversion of tropical savanna to grassland}},
journal = {Journal of Climate},
year = {2000},
volume = {13},
number = {9},
pages = {1593--1602}
}

