@Article{aalen_further_1993,
  author = {Odd O Aalen},
  title = {{Further results on the non-parametric linear regression model in survival analysis}},
  journal = {Statistics in Medicine},
  year = {1993},
  volume = {12},
  number = {17},
  pages = {1569--1588},
}

@Article{aalen_linear_1989,
  author = {O O Aalen},
  title = {{A linear regression model for the analysis of life times - Aalen - 2006 - Statistics in Medicine - Wiley Online Library}},
  journal = {Statistics in Medicine},
  year = {1989},
}

@Article{cavaleri_height_2010,
  author = {Molly A Cavaleri and Steven F. Oberbauer and David B Clark and Deborah A Clark and Michael G Ryan},
  title = {{Height is more important than light in determining leaf morphology in a tropical forest.}},
  journal = {Ecology},
  year = {2010},
  volume = {91},
  number = {6},
  pages = {1730--1739},
}

@Article{chu_explaining_2008,
  author = {C Y Cyrus Chu and Hung-Ken Chien and Ronald D Lee},
  title = {{Explaining the optimality of U-shaped age-specific mortality.}},
  journal = {Theoretical Population Biology},
  year = {2008},
  volume = {73},
  number = {2},
  pages = {171--180},
}

@Article{colmer_flooding_2009,
  author = {T D Colmer and L A C J Voesenek},
  title = {{Flooding tolerance: suites of plant traits in variable environments}},
  journal = {Functional Plant Biology},
  year = {2009},
  volume = {36},
  number = {8},
  pages = {665},
}

@Article{cox_regression_1972,
  title = {Regression models and life-tables},
  volume = {34},
  url = {http://www.jstor.org/stable/2985181},
  doi = {10.2307/2985181},
  number = {2},
  journal = {Journal of the Royal Statistical Society. Series B: Methodological},
  author = {D. R. Cox},
  year = {1972},
  note = {{ArticleType}: primary\_article / Full publication date: 1972 / Copyright Â© 1972 Royal Statistical Society},
  pages = {187--220},
}

@Article{dunn_catastrophic_1983,
  author = {C P Dunn and G R Guntenspergen and J R Dorney},
  title = {{Catastrophic wind disturbance in an old-growth hemlock-hardwood forest, Wisconsin}},
  journal = {Canadian Journal of Botany},
  year = {1983},
  volume = {61},
  pages = {211--217},
}

@Article{frank_generative_2014,
  author = {S A Frank},
  title = {{Generative models versus underlying symmetries to explain biological pattern}},
  journal = {Journal of Evolutionary Biology},
  year = {2014},
  volume = {27},
  number = {6},
  pages = {1172--1178},
}

@Article{frank_generative_2014,
  author = {S A Frank},
  title = {{Generative models versus underlying symmetries to explain biological pattern}},
  journal = {Journal of Evolutionary Biology},
  year = {2014},
  volume = {27},
  number = {6},
  pages = {1172--1178},
}

@Article{hoffmann_vegetation-climate_2000,
  author = {W A Hoffmann and R B Jackson},
  title = {{Vegetation-climate feedbacks in the conversion of tropical savanna to grassland}},
  journal = {Journal of Climate},
  year = {2000},
  volume = {13},
  number = {9},
  pages = {1593--1602},
}

@Article{hurst_size-specific_2011,
  author = {Jennifer M Hurst and ROBERT B ALLEN and David A Coomes and Richard P Duncan},
  title = {{Size-Specific Tree Mortality Varies with Neighbourhood Crowding and Disturbance in a Montane Nothofagus Forest}},
  journal = {PLoS ONE},
  year = {2011},
  volume = {6},
  number = {10},
  pages = {e26670},
}

@Book{kleinbaum_survival_2005,
  address = {New York, {NY}},
  edition = {Third Edition},
  series = {Statistics for biology and health},
  title = {Survival analysis: a self-learning text},
  isbn = {0387239189},
  publisher = {Springer},
  author = {David G. Kleinbaum},
  collaborator = {Klein, Mitchel},
  year = {2005},
}

@Article{kotak_complexity_2007,
  author = {Sachin Kotak and Jane Larkindale and Ung Lee and Pascal von Koskull-D{\"o}ring and Elizabeth Vierling and Klaus-Dieter Scharf},
  title = {{Complexity of the heat stress response in plants}},
  journal = {Current Opinion in Plant Biology},
  year = {2007},
  volume = {10},
  number = {3},
  pages = {310--316},
}

@Article{langholz_rethinking_2014,
  author = {Jeff A Langholz and Adina Abeles},
  title = {{Rethinking postgraduate education for marine conservation}},
  journal = {Marine Policy},
  year = {2014},
  volume = {43},
  pages = {372--375},
}

@Article{lawes_bark_2011,
  author = {Michael J Lawes and Anna Richards and Josefine Dathe and Jeremy J Midgley},
  title = {{Bark thickness determines fire resistance of selected tree species from fire-prone tropical savanna in north Australia}},
  journal = {Plant Ecology},
  year = {2011},
  volume = {212},
  number = {12},
  pages = {2057--2069},
}

@Article{levitis_two_2013,
  author = {Daniel A Levitis and Daniel E Mart{\'\i}nez},
  title = {{The two halves of U-shaped mortality.}},
  journal = {Frontiers in genetics},
  year = {2013},
  volume = {4},
  pages = {31},
}

@Article{ma_additive_2005,
  author = {Shuangge Ma and Michael R Kosorok and Jason P Fine},
  title = {{Additive Risk Models for Survival Data with High-Dimensional Covariates}},
  journal = {Biometrics},
  year = {2005},
  volume = {62},
  number = {1},
  pages = {202--210},
}

@Article{ma_additive_2005a,
  author = {Shuangge Ma and Michael R Kosorok and Jason P Fine},
  title = {{Additive Risk Models for Survival Data with High-Dimensional Covariates}},
  journal = {Biometrics},
  year = {2005},
  volume = {62},
  number = {1},
  pages = {202--210},
}

@Article{markesteijn_ecological_2010,
  author = {Lars Markesteijn and Lourens Poorter and H Paz and Lawren Sack and Frans Bongers},
  title = {{Ecological differentiation in xylem cavitation resistance is associated with stem and leaf structural traits}},
  journal = {Plant, Cell {\&} Environment},
  year = {2010},
  volume = {34},
  number = {1},
  pages = {137--148},
}

@Article{markesteijn_hydraulics_2011,
  author = {Lars Markesteijn and Lourens Poorter and Frans Bongers and H Paz and Lawren Sack},
  title = {{Hydraulics and life history of tropical dry forest tree species: coordination of species{\textquoteright} drought and shade tolerance}},
  journal = {New Phytologist},
  year = {2011},
  volume = {191},
  number = {2},
  pages = {480--495},
}

@Article{markesteijn_seedling_2009,
  author = {Lars Markesteijn and Lourens Poorter},
  title = {{Seedling root morphology and biomass allocation of 62 tropical tree species in relation to drought- and shade-tolerance}},
  journal = {Journal of Ecology},
  year = {2009},
  volume = {97},
  number = {2},
  pages = {311--325},
}

@Article{mcdowell_improving_2013,
  author = {N G Mcdowell and M G Ryan and MJB Zeppel and D T Tissue},
  title = {{Improving our knowledge of drought-induced forest mortality through experiments, observations, and modeling}},
  journal = {New Phytologist},
  year = {2013},
  volume = {200},
  pages = {289--293},
}

@Article{mcdowell_interdependence_2011,
  author = {Nate G McDowell and David J Beerling and David D Breshears and Rosie A Fisher and Kenneth F Raffa and Mark Stitt},
  title = {{The interdependence of mechanisms underlying climate-driven vegetation mortality}},
  journal = {Trends in Ecology {\&} Evolution},
  year = {2011},
  volume = {26},
  number = {10},
  pages = {523--532},
}

@Article{moles_which_2014,
  author = {Angela T Moles and Sarah E Perkins and Shawn W Laffan and Habacuc Flores-Moreno and Monica Awasthy and Marianne L Tindall and Lawren Sack and Andy Pitman and Jens Kattge and Lonnie W Aarssen and Madhur Anand and Michael Bahn and Benjamin Blonder and Jeannine Cavender-Bares and J Hans C Cornelissen and Will K Cornwell and Sandra D{\'\i}az and John B Dickie and Gr{\'e}goire T Freschet and Joshua G Griffiths and Alvaro G Gutierrez and Frank A Hemmings and Thomas Hickler and Timothy D Hitchcock and Matthew Keighery and Michael Kleyer and Hiroko Kurokawa and Michelle R Leishman and Kenwin Liu and {\"U}lo Niinemets and Vladimir Onipchenko and Yusuke Onoda and Josep Pe{\~n}uelas and Val{\'e}rio D Pillar and Peter B Reich and Satomi Shiodera and Andrew Siefert and Enio E Sosinski Jr and Nadejda A Soudzilovskaia and Emily K Swaine and Nathan G Swenson and Peter M Van Bodegom and Laura Warman and Evan Weiher and Ian J Wright and Hongxiang Zhang and Martin Zobel and Stephen P Bonser},
  title = {{Which is a better predictor of plant traits: temperature or precipitation?}},
  journal = {Journal of Vegetation Science},
  year = {2014},
  volume = {25},
  number = {5},
  pages = {1167--1180},
}

@Article{nepstad_mortality_2007,
  author = {Daniel C Nepstad and Ingrid Marisa Tohver and David Ray and Paulo Moutinho and Georgina Cardinot},
  title = {{Mortality of large trees and lianas following experimental drought in an Amazon forest.}},
  journal = {Ecology},
  year = {2007},
  volume = {88},
  number = {9},
  pages = {2259--2269},
}

@Article{pencina_choice_2007,
  author = {Michael J Pencina and Martin G Larson and Ralph B D'Agostino},
  title = {{Choice of time scale and its effect on significance of predictors in longitudinal studies}},
  journal = {Statistics in Medicine},
  year = {2007},
  volume = {26},
  number = {6},
  pages = {1343--1359},
}

@Article{poorter_architecture_2006,
  author = {Lourens Poorter and Laurent Bongers and Frans Bongers},
  title = {{Architecture of 54 moist-forest tree species: traits, trade-offs, and functional groups.}},
  journal = {Ecology},
  year = {2006},
  volume = {87},
  number = {5},
  pages = {1289--1301},
}

@Article{poorter_leaf_2006,
  author = {Lourens Poorter and Frans Bongers},
  title = {{Leaf traits are good predictors of plant performance across 53 rain forest species.}},
  journal = {Ecology},
  year = {2006},
  volume = {87},
  number = {7},
  pages = {1733--1743},
}

@Article{poorter_seedling_2008,
  author = {Lourens Poorter and Lars Markesteijn},
  title = {{Seedling traits determine drought tolerance of tropical tree species}},
  journal = {Biotropica},
  year = {2008},
  volume = {40},
  number = {3},
  pages = {321--331},
}

@Article{satagopan_note_2004,
  author = {J M Satagopan and L Ben-Porat and M Berwick and M Robson and D Kutler and A D Auerbach},
  title = {{A note on competing risks in survival data analysis}},
  journal = {British Journal of Cancer},
  year = {2004},
  volume = {91},
  number = {7},
  pages = {1229--1235},
}

@Article{sterck_3-d_2008,
  author = {F J Sterck and F Schieving},
  title = {{3-D growth patterns of trees: effects of carbon economy, meristem activity, and selection}},
  journal = {Ecological Monographs},
  year = {2008},
  volume = {77},
  number = {3},
  pages = {405--420},
}

@Article{sterck_functional_2011,
  author = {F Sterck and L Markesteijn and F Schieving},
  title = {{Functional traits determine trade-offs and niches in a tropical forest community}},
  journal = {Proceedings of the National Academy of Sciences of the United States of America},
  year = {2011},
}

@Article{sterck_modelling_2011,
  author = {F Sterck and F Schieving},
  title = {{Modelling functional trait acclimation for trees of different height in a forest light gradient: emergent patterns driven by carbon gain maximization}},
  journal = {Tree Physiology},
  year = {2011},
  volume = {31},
  number = {9},
  pages = {1024--1037},
}

@Article{sterck_understanding_2012,
  author = {Frank J Sterck and Jordi Mart{\'\i}nez-Vilalta and Maurizio Mencuccini and Herv{\'e} Cochard and Pieter Gerrits and Roman Zweifel and Asier Herrero and Janne F J Korhonen and Pilar Llorens and Eero Nikinmaa and Angelo Nol \`e and Rafael Poyatos and Francesco Ripullone and Ute Sass-Klaassen},
  title = {{Understanding trait interactions and their impacts on growth in Scots pine branches across Europe}},
  journal = {Functional Ecology},
  year = {2012},
  volume = {26},
  number = {2},
  pages = {541--549},
}

@Article{thuiller_relating_2004,
  author = {W Thuiller and S Lavorel and G F Midgley and S{\'e}bastien Lavergne and T Rebelo},
  title = {{Relating plant traits and species distributions along bioclimatic gradients for 88 \emph{Luecadendron} taxa}},
  journal = {Ecology},
  year = {2004},
  volume = {85},
  number = {6},
  pages = {1688--1699},
}

@Article{wolbers_competing_2014,
  author = {M Wolbers and M T Koller and V S Stel and B Schaer and K J Jager and K Leffondre and G Heinze},
  title = {{Competing risks analyses: objectives and approaches}},
  journal = {European Heart Journal},
  year = {2014},
}

@Article{wolbers_competing_2014a,
  author = {M Wolbers and M T Koller and V S Stel and B Schaer and K J Jager and K Leffondre and G Heinze},
  title = {{Competing risks analyses: objectives and approaches}},
  journal = {European Heart Journal},
  year = {2014},
  volume = {35},
  number = {42},
  pages = {2936--2941},
}

@Article{yan_orthoclust:_2014,
  author = {Koon-Kiu Yan and Daifeng Wang and Joel Rozowsky and Henry Zheng and Chao Cheng and Mark Gerstein},
  title = {{OrthoClust: an orthology-based network framework for clustering data across multiple species}},
  journal = {Genome Biology},
  year = {2014},
  volume = {15},
  number = {8},
  pages = {1--14},
}

@Article{yang_modeling_2003,
  author = {Yuqing Yang and Stephen J Titus and Shongming Huang},
  title = {{Modeling individual tree mortality for white spruce in Alberta}},
  journal = {Ecological Modelling},
  year = {2003},
  volume = {163},
  number = {3},
  pages = {209--222},
}

@Article{zeppel_impacts_2013,
  author = {M J B Zeppel and J Wilks and J D Lewis},
  title = {{Impacts of extreme precipitation and seasonal changes in precipitation on plants}},
  journal = {Biogeosciences Discussions},
  year = {2013},
  volume = {10},
  number = {10},
  pages = {16645--16673},
}

@Article{zeppel_long_2008,
  author = {Melanie J B Zeppel and Catriona M O Macinnis-Ng and Isa A M Yunusa and Rhys J Whitley and Derek Eamus},
  title = {{Long term trends of stand transpiration in a remnant forest during wet and dry years}},
  journal = {Journal of Hydrology},
  year = {2008},
  volume = {349},
  number = {1-2},
  pages = {200--213},
}

@Article{zeppel_long_2008a,
  author = {Melanie J B Zeppel and Catriona M O Macinnis-Ng and Isa A M Yunusa and Rhys J Whitley and Derek Eamus},
  title = {{Long term trends of stand transpiration in a remnant forest during wet and dry years}},
  journal = {Journal of Hydrology},
  year = {2008},
  volume = {349},
  number = {1-2},
  pages = {200--213},
}

@Article{zeppel_mechanistic_2011,
  author = {MJB Zeppel and H D Adams and WRL Anderegg},
  title = {{Mechanistic causes of tree drought mortality: recent results, unresolved questions and future research needs}},
  journal = {New Phytologist},
  year = {2011},
}

@Article{zeppel_mechanistic_2011a,
  author = {Melanie J B Zeppel and James D Lewis and Brian Chaszar and Renee A Smith and Belinda E Medlyn and Travis E Huxman and David T Tissue},
  title = {{Nocturnal stomatal conductance responses to rising [CO2], temperature and drought}},
  journal = {New Phytologist},
  year = {2011},
  volume = {193},
  number = {4},
  pages = {929--938},
}
